@book{weka,
author = {Ian H. Witten and Eibe Frank and Mark A. Hall},
title = {Data Mining: Practical Machine Learning Tools and Techniques},
publisher = {Morgan Kaufmann},
year = 2011,
address = {Burlington, MA},
edition = 3,
http = {http://www.cs.waikato.ac.nz/~ml/weka/book.html}
}
@inproceedings{mixup,
title={mixup: Beyond Empirical Risk Minimization},
author={Hongyi Zhang and Moustapha Cisse and Yann N. Dauphin and David Lopez-Paz},
booktitle={International Conference on Learning Representations},
year={2018},
url={https://openreview.net/forum?id=r1Ddp1-Rb},
}
@inproceedings{smear,
author = {Frank, Eibe and Pfahringer, Bernhard},
title = {Improving on Bagging with Input Smearing},
year = {2006},
isbn = {3540332065},
publisher = {Springer-Verlag},
address = {Berlin, Heidelberg},
url = {https://doi.org/10.1007/11731139_14},
doi = {10.1007/11731139_14},
booktitle = {Proceedings of the 10th Pacific-Asia Conference on Advances in Knowledge Discovery and Data Mining},
pages = {97–106},
numpages = {10},
location = {Singapore},
series = {PAKDD’06}
}
@article{beta,
author = {Cheng, R. C. H.},
title = {Generating Beta Variates with Nonintegral Shape Parameters},
year = {1978},
issue_date = {April 1978},
publisher = {Association for Computing Machinery},
address = {New York, NY, USA},
volume = {21},
number = {4},
issn = {0001-0782},
url = {https://doi.org/10.1145/359460.359482},
doi = {10.1145/359460.359482},
journal = {Commun. ACM},
month = apr,
pages = {317–322},
numpages = {6},
keywords = {simulation, beta variates, random numbers}
}
@Article{forest,
author={Breiman, Leo},
title={Random Forests},
journal={Machine Learning},
year={2001},
month={Oct},
day={01},
volume={45},
number={1},
pages={5-32},
issn={1573-0565},
doi={10.1023/A:1010933404324},
url={https://doi.org/10.1023/A:1010933404324}
}
@article{fulltest,
Title={Deep learning for time series classification: a review},
Author={Ismail Fawaz, Hassan and Forestier, Germain and Weber, Jonathan and Idoumghar, Lhassane and Muller, Pierre-Alain},
journal={Data Mining and Knowledge Discovery},
Year={2019},
volume={33},
number={4},
pages={917--963}
}